<record><leader>00000cas a2200000 a 4500</leader><controlfield tag="001">36710276</controlfield><controlfield tag="006">m        d        </controlfield><controlfield tag="007">cr cn|||||||||</controlfield><controlfield tag="008">970409c19969999caudn nso     0    0eng c</controlfield><datafield ind1=" " ind2=" " tag="010"><subfield code="a">sn 97030786 </subfield></datafield><datafield ind1=" " ind2=" " tag="040"><subfield code="a">GUA</subfield><subfield code="b">eng</subfield><subfield code="c">GUA</subfield><subfield code="d">OCLCQ</subfield><subfield code="d">NSD</subfield><subfield code="d">OCLCQ</subfield><subfield code="d">OCLCF</subfield><subfield code="d">OCLCO</subfield><subfield code="d">OCLCA</subfield></datafield><datafield ind1="1" ind2=" " tag="029"><subfield code="a">AU@</subfield><subfield code="b">000013196565</subfield></datafield><datafield ind1=" " ind2=" " tag="042"><subfield code="a">pcc</subfield></datafield><datafield ind1="1" ind2="4" tag="050"><subfield code="a">Q1</subfield></datafield><datafield ind1="0" ind2="0" tag="245"><subfield code="a">Daily inScight</subfield><subfield code="h">[electronic resource].</subfield></datafield><datafield ind1="3" ind2="0" tag="246"><subfield code="a">InScight</subfield></datafield><datafield ind1=" " ind2=" " tag="260"><subfield code="a">San Diego, CA :</subfield><subfield code="b">Science :</subfield><subfield code="b">Academic Press,</subfield><subfield code="c">[1996]-</subfield></datafield><datafield ind1=" " ind2=" " tag="310"><subfield code="a">Five issues weekly</subfield></datafield><datafield ind1="0" ind2=" " tag="362"><subfield code="a">9 Oct. 1996-</subfield></datafield><datafield ind1=" " ind2=" " tag="500"><subfield code="a">Title from title screen.</subfield></datafield><datafield ind1=" " ind2=" " tag="538"><subfield code="a">Mode of access: World Wide Web.</subfield></datafield><datafield ind1=" " ind2=" " tag="588"><subfield code="a">Latest issue consulted: 1 Apr. 1997.</subfield></datafield><datafield ind1=" " ind2="0" tag="650"><subfield code="a">Science</subfield><subfield code="v">Periodicals.</subfield></datafield><datafield ind1=" " ind2="7" tag="655"><subfield code="a">Periodicals.</subfield><subfield code="2">fast</subfield><subfield code="0">(OCoLC)fst01411641</subfield></datafield><datafield ind1=" " ind2="7" tag="650"><subfield code="a">Science.</subfield><subfield code="2">fast</subfield><subfield code="0">(OCoLC)fst01108176</subfield></datafield><datafield ind1="2" ind2=" " tag="710"><subfield code="a">Academic Press.</subfield></datafield><datafield ind1="0" ind2=" " tag="730"><subfield code="a">Science (New York, N.Y.)</subfield></datafield><datafield ind1="4" ind2=" " tag="856"><subfield code="u">http://www.apnet.com/inscight/</subfield></datafield><datafield ind1="4" ind2=" " tag="856"><subfield code="u">Alsoavailableonline</subfield><subfield code="u">http://www.europe.apnet.com/inscight/</subfield></datafield></record>